@inproceedings{tetris,
	title={Multi-resource packing for cluster schedulers},
	author={Grandl, Robert and Ananthanarayanan, Ganesh and Kandula, Srikanth and Rao, Sriram and Akella, Aditya},
	booktitle={ACM SIGCOMM Computer Communication Review},
	volume={44},
	number={4},
	pages={455--466},
	year={2014},
	organization={ACM}
}

@inproceedings {graphene,
	author = {Robert Grandl and Srikanth Kandula and Sriram Rao and Aditya Akella and Janardhan Kulkarni},
	title = {GRAPHENE: Packing and Dependency-Aware Scheduling for Data-Parallel Clusters},
	booktitle = {12th USENIX Symposium on Operating Systems Design and Implementation (OSDI 16)},
	year = {2016},
	isbn = {978-1-931971-33-1},
	address = {GA},
	pages = {81--97},
	url = {https://www.usenix.org/conference/osdi16/technical-sessions/presentation/grandl_graphene},
	publisher = {USENIX Association},
}

@article{heuristics,
	title={Heuristics for vector bin packing},
	author={Panigrahy, Rina and Talwar, Kunal and Uyeda, Lincoln and Wieder, Udi},
	journal={Microsoft Research Silicon Valley Technical Report 2011},
	year={2011}
}

@article{bound13,
	author = {Seiden, Steven S. and Stee, Rob van and Epstein, Leah},
	title = {New Bounds for Variable-Sized Online Bin Packing},
	journal = {SIAM J. Comput.},
	issue_date = {2003},
	volume = {32},
	number = {2},
	month = feb,
	year = {2003},
	issn = {0097-5397},
	pages = {455--469},
	numpages = {15},
	url = {http://dx.doi.org/10.1137/S0097539702412908},
	doi = {10.1137/S0097539702412908},
	acmid = {636332},
	publisher = {Society for Industrial and Applied Mathematics},
	address = {Philadelphia, PA, USA},
	keywords = {bin packing, online algorithms},
} 

@inproceedings{vecbin,
	author = {Azar, Yossi and Cohen, Ilan Reuven and Kamara, Seny and Shepherd, Bruce},
	title = {Tight Bounds for Online Vector Bin Packing},
	booktitle = {Proceedings of the Forty-fifth Annual ACM Symposium on Theory of Computing},
	series = {STOC '13},
	year = {2013},
	isbn = {978-1-4503-2029-0},
	location = {Palo Alto, California, USA},
	pages = {961--970},
	numpages = {10},
	url = {http://doi.acm.org/10.1145/2488608.2488730},
	doi = {10.1145/2488608.2488730},
	acmid = {2488730},
	publisher = {ACM},
	address = {New York, NY, USA},
	keywords = {bin packing, competitive ratio, graph-coloring, lower bounds, online algorithms, vector packing},
} 
