@inproceedings{remy,
	author = {Winstein, Keith and Balakrishnan, Hari},
	title = "{TCP Ex Machina: Computer-generated Congestion Control}",
	booktitle = {SIGCOMM},
	year = {2013}
}


@inproceedings{tetris,
	author = {Grandl, Robert and Ananthanarayanan, Ganesh and Kandula, Srikanth and Rao, Sriram and Akella, Aditya},
	title = {Multi-resource Packing for Cluster Schedulers},
	series = {SIGCOMM '14},
	year = {2014},
	isbn = {978-1-4503-2836-4},
	location = {Chicago, Illinois, USA},
	pages = {455--466},
	numpages = {12},
	url = {http://doi.acm.org/10.1145/2619239.2626334},
	doi = {10.1145/2619239.2626334},
	acmid = {2626334},
	publisher = {ACM},
	address = {New York, NY, USA},
	keywords = {cluster schedulers, completion time, fairness, makespan, multi-dimensional, packing},
}

@inproceedings{yarn13,
	author = {Vavilapalli, Vinod Kumar and Murthy, Arun C. and Douglas, Chris and Agarwal, Sharad and Konar, Mahadev and Evans, Robert and Graves, Thomas and Lowe, Jason and Shah, Hitesh and Seth, Siddharth and Saha, Bikas and Curino, Carlo and O'Malley, Owen and Radia, Sanjay and Reed, Benjamin and Baldeschwieler, Eric},
	title = {Apache Hadoop YARN: Yet Another Resource Negotiator},
	series = {SOCC '13},
	year = {2013},
	isbn = {978-1-4503-2428-1},
	location = {Santa Clara, California},
	pages = {5:1--5:16},
	articleno = {5},
	numpages = {16},
	url = {http://doi.acm.org/10.1145/2523616.2523633},
	doi = {10.1145/2523616.2523633},
	acmid = {2523633},
	publisher = {ACM},
	address = {New York, NY, USA},
}

@article{atari-demo,
	author    = {Volodymyr Mnih and
	Koray Kavukcuoglu and
	David Silver and
	Alex Graves and
	Ioannis Antonoglou and
	Daan Wierstra and
	Martin A. Riedmiller},
	title     = {Playing Atari with Deep Reinforcement Learning},
	journal   = {CoRR},
	year      = {2013},
	url       = {http://arxiv.org/abs/1312.5602},
	timestamp = {Wed, 01 Apr 2015 20:06:15 +0200},
	biburl    = {http://dblp.uni-trier.de/rec/bib/journals/corr/MnihKSGAWR13},
	bibsource = {dblp computer science bibliography, http://dblp.org}
}

@article{atari-nature,
	author    = {Volodymyr Mnih and
	Koray Kavukcuoglu and
	David Silver and
	Andrei A. Rusu and	
	Joel Veness and	
	Marc G. Bellemare and
	Alex Graves and	
	Martin Riedmiller and	
	Andreas K. Fidjeland and	
	Georg Ostrovski and	
	Stig Petersen and	
	Charles Beattie and	
	Amir Sadik and	
	Ioannis Antonoglou and	
	Helen King and	
	Dharshan Kumaran and
	Daan Wierstra and	
	Shane Legg	and
	Demis Hassabis
	Ioannis Antonoglou and
	Daan Wierstra and
	Martin A. Riedmiller},
	title     = {Human-level control through deep reinforcement learning},
	journal   = {Nature},
	year      = {2015}
}

@article{alphago,
	author    = {David Silver and	Aja Huang and	Chris J. Maddison and	Arthur Guez and	Laurent Sifre and	George van den Driessche and	Julian Schrittwieser and	Ioannis Antonoglou and	Veda Panneershevlvam and	Marc Lanctot and Sander Dieleman and	Dominik Grewe and	John Nham and	Nal Kalchbrenner and	Ilya Sutskever and	Timothy Lillicrap and	Madeleine Leach and	Koray Kavukcuoglu and	Thore Graepel and Demis Hassabis},
	title     = {Mastering the game of Go with deep neural networks and tree search},
	journal   = {Nature},
	year      = {2016}
}

@book{rlbook,
	author    = {Richard S. Sutton and Andrew G. Barto},
	title     = {Reinforcement Learning: An Introduction },
	year      = {1998},
	publisher = {MIT Press}
}

@article{a3c,
	author    = {Volodymyr Mnih and
	Adri{\`{a}} Puigdom{\`{e}}nech Badia and
	Mehdi Mirza and
	Alex Graves and
	Timothy P. Lillicrap and
	Tim Harley and
	David Silver and
	Koray Kavukcuoglu},
	title     = {Asynchronous Methods for Deep Reinforcement Learning},
	journal   = {CoRR},
	year      = {2016},
	url       = {http://arxiv.org/abs/1602.01783},
	timestamp = {Tue, 01 Mar 2016 17:47:25 +0100},
	biburl    = {http://dblp.uni-trier.de/rec/bib/journals/corr/MnihBMGLHSK16},
	bibsource = {dblp computer science bibliography, http://dblp.org}
}

@article{rmsprop,
	author    = {Geoffrey Hinton},
	title     = {Overview of mini-batch gradient descent},
	journal   = {Neural Networks for Machine Learning},
	url       = {http://www.cs.toronto.edu/~tijmen/csc321/slides/lecture_slides_lec6.pdf},
}

@article{woeginger,
	author    = {Gerhard J. Woeginger},
	title     = {There is no asymptotic PTAS for two-dimensional vector packing},
	journal   = {Information Proceeding Letters},
	year      = {1997}
}

@inproceedings{coflow,
	author = {Chowdhury, Mosharaf and Stoica, Ion},
	title = {Coflow: A Networking Abstraction for Cluster Applications},
	series = {HotNets-XI},
	year = {2012},
	isbn = {978-1-4503-1776-4},
	location = {Redmond, Washington},
	pages = {31--36},
	numpages = {6},
	url = {http://doi.acm.org/10.1145/2390231.2390237},
	doi = {10.1145/2390231.2390237},
	acmid = {2390237},
	publisher = {ACM},
	address = {New York, NY, USA},
	keywords = {cloud computing, cluster networking, coflow, data-intensive applications, datacenter networks},
}

@INPROCEEDINGS{spectrum-rl,
	author={L. R. Faganello and R. Kunst and C. B. Both and L. Z. Granville and J. Rochol},
	booktitle={2013 IEEE Wireless Communications and Networking Conference (WCNC)},
	title={Improving reinforcement learning algorithms for dynamic spectrum allocation in cognitive sensor networks},
	year={2013},
	pages={35-40},
	keywords={channel allocation;cognitive radio;learning (artificial intelligence);radio networks;radio spectrum management;telecommunication computing;Q-Learning;channel allocation;channel propagation condition;cognitive radio networks;cognitive sensor networks;dynamic spectrum allocation algorithm;reinforcement learning algorithm;spectrum access;Heuristic algorithms;Interference;Mathematical model;Resource management;Signal to noise ratio;Wireless communication;Wireless sensor networks},
	doi={10.1109/WCNC.2013.6554535},
	ISSN={1525-3511},
	month={April}
}

@article{dagalloc,
	author    = {Robert Grandl and
	Srikanth Kandula and
	Sriram Rao and
	Aditya Akella and
	Janardhan Kulkarni},
	title     = {Do the Hard Stuff First: Scheduling Dependent Computations in Data-Analytics
	Clusters},
	journal   = {CoRR},
	year      = {2016},
	url       = {http://arxiv.org/abs/1604.07371},
	timestamp = {Mon, 02 May 2016 18:22:52 +0200},
	biburl    = {http://dblp.uni-trier.de/rec/bib/journals/corr/GrandlKRAK16},
	bibsource = {dblp computer science bibliography, http://dblp.org}
}

@book{nnbook,
	title={Neural network design},
	author={Hagan, Martin T and Demuth, Howard B and Beale, Mark H and De Jes{\'u}s, Orlando},
	year={1996},
	publisher={PWS publishing company Boston}
}

@article{hintonbackprop,
	title={Learning representations by back-propagating errors},
	author={Rumelhart, David E and Hinton, Geoffrey E and Williams, Ronald J},
	journal={Cognitive modeling},
	number={3},
	pages={1},
	year={1988}
}

@article{trpo,
	title={Trust region policy optimization},
	author={Schulman, John and Levine, Sergey and Moritz, Philipp and Jordan, Michael I and Abbeel, Pieter},
	journal={CoRR, abs/1502.05477},
	year={2015}
}

@inproceedings{drf,
	author = {Ghodsi, Ali and Zaharia, Matei and Hindman, Benjamin and Konwinski, Andy and Shenker, Scott and Stoica, Ion},
	title = {Dominant Resource Fairness: Fair Allocation of Multiple Resource Types},
	series = {NSDI'11},
	year = {2011},
	location = {Boston, MA},
	pages = {323--336},
	numpages = {14},
	url = {http://dl.acm.org/citation.cfm?id=1972457.1972490},
	acmid = {1972490},
	publisher = {USENIX Association},
	address = {Berkeley, CA, USA},
}

@inproceedings{nasa-rl,
	title={A reinforcement learning approach to job-shop scheduling},
	author={Zhang, Wei and Dietterich, Thomas G},
	booktitle={IJCAI},
	year={1995},
	organization={Citeseer}
}

@in\item s{tetrisched,
	author = {Tumanov, Alexey and Zhu, Timothy and Park, Jun Woo and Kozuch, Michael A. and Harchol-Balter, Mor and Ganger, Gregory R.},
	title = {TetriSched: Global Rescheduling with Adaptive Plan-ahead in Dynamic Heterogeneous Clusters},
	booktitle = {EuroSys},
	series = {EuroSys '16},
	year = {2016},
	isbn = {978-1-4503-4240-7},
	location = {London, United Kingdom},
	pages = {35:1--35:16},
	articleno = {35},
	numpages = {16},
	url = {http://doi.acm.org/10.1145/2901318.2901355},
	doi = {10.1145/2901318.2901355},
	acmid = {2901355},
	publisher = {ACM},
	address = {New York, NY, USA},
}

@inproceedings{bing,
	author = {Yun, Jeong-Min and He, Yuxiong and Elnikety, Sameh and Ren, Shaolei},
	title = {Optimal Aggregation Policy for Reducing Tail Latency of Web Search},
	series = {SIGIR '15},
	year = {2015},
	isbn = {978-1-4503-3621-5},
	location = {Santiago, Chile},
	pages = {63--72},
	numpages = {10},
	url = {http://doi.acm.org/10.1145/2766462.2767708},
	doi = {10.1145/2766462.2767708},
	acmid = {2767708},
	publisher = {ACM},
	address = {New York, NY, USA},
	keywords = {aggregation, scheduling, tail latency, web search},
}

@inproceedings{CS2P,
	author = { Yi, Sun and Xiaoqi, Yin and Junchen, Jiang and Vyas, Sekar and Fuyuan, Lin and Nanshu, Wang and Tao, Liu and Bruno Sinopoli},
	title = {CS2P: Improving Video Bitrate Selection and Adaptation with Data-Driven Throughput Prediction},
	series = {SIGCOMM},
	year = {2016},
	isbn = {978-1-4503-4193-6},
	location = {FlorianoÃÅpolis, Brazil},
	publisher = {ACM},
	address = {New York, NY, USA},
	keywords = {Internet Video, TCP, Throughput Prediction, Bitrate Adaptation. Dynamic Adaptive Streaming over HTTP (DASH)},
}

@article{NUM-markovian,
	title={Network utility maximization over partially observable markovian channels},
	author={Li, Chih-ping and Neely, Michael J},
	journal={Performance Evaluation},
	number={7},
	year={2013},
	publisher={Elsevier}
}

@inproceedings{wireless-battery,
	title={Low Power Wireless Communication via Reinforcement Learning.},
	author={Brown, Timothy X},
	booktitle={NIPS},
	year={1999}
}

@inproceedings{cnn,
	title={Imagenet classification with deep convolutional neural networks},
	author={Krizhevsky, Alex and Sutskever, Ilya and Hinton, Geoffrey E},
	booktitle={Advances in neural information processing systems},
	year={2012}
}

@inproceedings{delay-scheduling,
	title={Delay scheduling: a simple technique for achieving locality and fairness in cluster scheduling},
	author={Zaharia, Matei and Borthakur, Dhruba and Sen Sarma, Joydeep and Elmeleegy, Khaled and Shenker, Scott and Stoica, Ion},
	booktitle={EuroSys},
	year={2010}
}

@inproceedings{quincy,
	title={Quincy: fair scheduling for distributed computing clusters},
	author={Isard, Michael and Prabhakaran, Vijayan and Currey, Jon and Wieder, Udi and Talwar, Kunal and Goldberg, Andrew},
	booktitle={ACM SIGOPS},
	year={2009}
}

@inproceedings{POMDPs,
	title={Learning policies for partially observable environments: Scaling up},
	author={Cassandra, Anthony R and Kaelbling, Leslie Pack},
	booktitle={Machine Learning Proceedings 1995},
	pages={362},
	year={2016},
	organization={Morgan Kaufmann}
}

@inproceedings{jalaparti2015network,
	title={Network-aware scheduling for data-parallel jobs: plan when you can},
	author={Jalaparti, Virajith and Bodik, Peter and Menache, Ishai and Rao, Sriram and Makarychev, Konstantin and Caesar, Matthew},
	booktitle={ACM SIGCOMM Computer Communication Review},
	number={4},
	year={2015},
	organization={ACM}
}

@inproceedings{jockey,
	title={Jockey: guaranteed job latency in data parallel clusters},
	author={Ferguson, Andrew D and Bodik, Peter and Kandula, Srikanth and Boutin, Eric and Fonseca, Rodrigo},
	booktitle={Proceedings of the 7th ACM european conference on Computer Systems},
	year={2012},
	organization={ACM}
}

@inproceedings{elevator,
	title={Improving elevator performance using reinforcement learning},
	author={Crites, Robert and Barto, Andrew},
	booktitle={Advances in Neural Information Processing Systems 8},
	year={1996},
	organization={Citeseer}
}

@article{routing,
	title={Packet routing in dynamically changing networks: A reinforcement learning approach},
	author={Boyan, Justin A and Littman, Michael L},
	journal={Advances in neural information processing systems},
	year={1994},
	publisher={Morgan Kaufmann Publishers}
}

@inproceedings{Mantri,
	title={Reining in the Outliers in Map-Reduce Clusters using Mantri.},
	author={Ananthanarayanan, Ganesh and Kandula, Srikanth and Greenberg, Albert G and Stoica, Ion and Lu, Yi and Saha, Bikas and Harris, Edward},
	booktitle={OSDI},
	number={1},
	pages={24},
	year={2010}
}

@article{montecarlo,
	title={Monte Carlo sampling methods using Markov chains and their applications},
	author={Hastings, W Keith},
	journal={Biometrika},
	number={1},
	year={1970},
	publisher={Biometrika Trust}
}

@inproceedings{reinforce,
	title={Policy Gradient Methods for Reinforcement Learning with Function Approximation.},
	author={Sutton, Richard S and McAllester, David A and Singh, Satinder P and Mansour, Yishay and others},
	booktitle={NIPS},
	year={1999}
}

@article{pomdp,
	title={State of the art - a survey of partially observable Markov decision processes: theory, models, and algorithms},
	author={Monahan, George E},
	journal={Management Science},
	number={1},
	year={1982},
	publisher={INFORMS}
}

@inproceedings{videompc,
	author = {Junchen, Jiang and Rajdeep, Das and Ganesh, Ananthanarayanan and Philip, Chou and Venkata, Padmanabhan and Vyas, Sekar and Esbjorn, Dominique and Marcin, Goliszewski and Dalibor, Kukoleca and Renat, Vafin and Hui, Zhang},
	title = {A Control-Theoretic Approach for Dynamic Adaptive Video Streaming over HTTP},
	series = {SIGCOMM '15},
	year = {2015},
	isbn = {978-1-4503-3542-3},
	location = {London, United Kingdom},
	numpages = {14},
	url = {http://doi.acm.org/10.1145/2785956.2787486},
	doi = {10.1145/2785956.2787486},
	acmid = {2787486},
	publisher = {ACM},
	address = {New York, NY, USA},
	keywords = {bitrate adaptation, dash, internet video, model predictive control},
}

@inproceedings{via,
	author = {Yin, Xiaoqi and Jindal, Abhishek and Sekar, Vyas and Sinopoli, Bruno},
	title = {Via: Improving Internet Telephony Call Quality Using Predictive Relay Selection},
	booktitle = {SIGCOMM},
	series = {SIGCOMM '16},
	year = {2016},
}

@inproceedings{elastictree,
	author = {Heller, Brandon and Seetharaman, Srini and Mahadevan, Priya and Yiakoumis, Yiannis and Sharma, Puneet and Banerjee, Sujata and McKeown, Nick},
	title = {ElasticTree: Saving Energy in Data Center Networks},
	series = {NSDI'10},
	year = {2010},
	location = {San Jose, California},
	numpages = {1},
	url = {http://dl.acm.org/citation.cfm?id=1855711.1855728},
	acmid = {1855728},
	publisher = {USENIX Association},
	address = {Berkeley, CA, USA},
}

@article{cloudcomputingreview,
	title={A view of cloud computing},
	author={Armbrust, Michael and Fox, Armando and Griffith, Rean and Joseph, Anthony D and Katz, Randy and Konwinski, Andy and Lee, Gunho and Patterson, David and Rabkin, Ariel and Stoica, Ion and others},
	journal={Communications of the ACM},
	number={4},
	year={2010},
	publisher={ACM}
}

@inproceedings {sprout,
	author = {Keith Winstein and Anirudh Sivaraman and Hari Balakrishnan},
	title = {Stochastic Forecasts Achieve High Throughput and Low Delay over Cellular Networks},
	booktitle = {NSDI},
	year = {2013},
	isbn = {978-1-931971-00-3},
	address = {Lombard, IL},
	pages = {459--471},
	url = {https://www.usenix.org/conference/nsdi13/technical-sessions/presentation/winstein},
	publisher = {USENIX},
}

@inproceedings {pcc,
	author = {Mo Dong and Qingxi Li and Doron Zarchy and P. Brighten Godfrey and Michael Schapira},
	title = {PCC: Re-architecting Congestion Control for Consistent High Performance},
	booktitle = {NSDI},
	year = {2015},
	month = May,
	isbn = {978-1-931971-218},
	address = {Oakland, CA},
	pages = {395--408},
	url = {https://www.usenix.org/conference/nsdi15/technical-sessions/presentation/dong},
	publisher = {USENIX Association},
}

@inproceedings{cristina,
	author = {Delimitrou, Christina and Kozyrakis, Christos},
	title = {Quasar: Resource-efficient and QoS-aware Cluster Management},
	series = {ASPLOS '14},
	year = {2014},
	isbn = {978-1-4503-2305-5},
	location = {Salt Lake City, Utah, USA},
	pages = {127--144},
	numpages = {18},
	url = {http://doi.acm.org/10.1145/2541940.2541941},
	doi = {10.1145/2541940.2541941},
	acmid = {2541941},
	publisher = {ACM},
	address = {New York, NY, USA},
	keywords = {cloud computing, cluster management, datacenters, quality of service, resource allocation and assignment, resource efficiency},
}

@article{tailatscale,
	title = {The Tail at Scale},
	author  = {Jeffrey Dean and Luiz Andr√© Barroso},
	year  = 2013,
	URL = {http://cacm.acm.org/magazines/2013/2/160173-the-tail-at-scale/fulltext},
	journal = {Communications of the ACM},
	pages = {74-80},
}

@misc{terminator,
	title = {Terminator, http://www.imdb.com/title/tt0088247/}
}

@misc{cool-dc,
	title={DeepMind AI Reduces Google Data Centre Cooling Bill by 40\%. https://deepmind.com/blog/deepmind-ai-reduces-google-data-centre-cooling-bill-40/},
	author={Jim Gao and Richard Evans},
}

@article{rlbackgammon,
	title={Temporal difference learning and TD-Gammon},
	author={Tesauro, Gerald},
	journal={Communications of the ACM},
	number={3},
	year={1995}
}

@article{rlfly,
	title={An application of reinforcement learning to aerobatic helicopter flight},
	author={Abbeel, Pieter and Coates, Adam and Quigley, Morgan and Ng, Andrew Y},
	journal={Advances in neural information processing systems},
	pages={1},
	year={2007},
	publisher={MIT; 1998}
}

@inproceedings {rope_nsdi12,
	author = {Sameer Agarwal and Srikanth Kandula and Nico Bruno and Ming-Chuan Wu and Ion Stoica and Jingren Zhou},
	title = {Reoptimizing Data Parallel Computing},
	booktitle = {NSDI},
	year = {2012},
	isbn = {978-931971-92-8},
	address = {San Jose, CA},
	pages = {281--294},
	url = {https://www.usenix.org/conference/nsdi12/technical-sessions/presentation/agarwal},
	publisher = {USENIX},
}

@inproceedings {adam,
	author = {Trishul Chilimbi and Yutaka Suzue and Johnson Apacible and Karthik Kalyanaraman},
	title = {Project Adam: Building an Efficient and Scalable Deep Learning Training System},
	booktitle = {OSDI},
	year = {2014},
	month = Oct,
	isbn = { 978-1-931971-16-4},
	address = {Broomfield, CO},
	pages = {571--582},
	url = {https://www.usenix.org/conference/osdi14/technical-sessions/presentation/chilimbi},
	publisher = {USENIX Association},
}

@article{tensorflow,
	title={TensorFlow: Large-scale machine learning on heterogeneous systems, 2015},
	author={Abadi, Mart{\i}n and Agarwal, Ashish and Barham, Paul and Brevdo, Eugene and Chen, Zhifeng and Citro, Craig and Corrado, Greg S and Davis, Andy and Dean, Jeffrey and Devin, Matthieu and others},
	journal={Software available from tensorflow. org},
	year={2015}
}

@inproceedings{ndp,
	title={Neuro-dynamic programming: an overview},
	author={Bertsekas, Dimitri P and Tsitsiklis, John N},
	booktitle={Decision and Control,},
	year={1995},
	organization={IEEE}
}

@article{menache2005basis,
	title={Basis function adaptation in temporal difference reinforcement learning},
	author={Menache, Ishai and Mannor, Shie and Shimkin, Nahum},
	journal={Annals of Operations Research},
	number={1},
	year={2005},
	publisher={Springer}
}

@article{rl-kaelbling-survey,
	title={Reinforcement learning: A survey},
	author={Kaelbling, Leslie Pack and Littman, Michael L and Moore, Andrew W},
	journal={Journal of artificial intelligence research},
	year={1996}
}

@article{rl-robotics-survey,
	title={Reinforcement learning in robotics: A survey},
	author={Kober, Jens and Bagnell, J Andrew and Peters, Jan},
	journal={The International Journal of Robotics Research},
	year={2013},
	publisher={SAGE Publications}
}

@inproceedings{rl-manufacturing,
	title={Optimizing Production Manufacturing Using Reinforcement Learning.},
	author={Mahadevan, Sridhar and Theocharous, Georgios},
	booktitle={FLAIRS Conference},
	year={1998}
}

@inproceedings{deeprm,
	title={Resource Management with Deep Reinforcement Learning},
	author={Mao, Hongzi and Alizadeh, Mohammad and Menache, Ishai and Kandula, Srikanth},
	booktitle={HotNets},
	year={2016},
	organization={ACM}
}

@inproceedings{borg,
	title = {Large-scale cluster management at {Google} with {Borg}},
	author  = {Abhishek Verma and Luis Pedrosa and Madhukar R. Korupolu and David Oppenheimer and Eric Tune and John Wilkes},
	year  = 2015,
	booktitle = {Proceedings of the European Conference on Computer Systems (EuroSys)},
	address = {Bordeaux, France}
}

@book{firmament,
	title={The firmament of time},
	author={Eiseley, Loren C},
	year={1960},
	publisher={U of Nebraska Press}
}

@article{woeginger2003approximability,
	title={On the approximability of average completion time scheduling under precedence constraints},
	author={Woeginger, Gerhard J},
	journal={Discrete Applied Mathematics},
	volume={131},
	number={1},
	pages={237--252},
	year={2003},
	publisher={Elsevier}
}

@article{schulz2011near,
	title={Near-Optimal Solutions and Large Integrality Gaps for Almost All Instances of Single-Machine Precedence-Constrained Scheduling},
	author={Schulz, Andreas S and Uhan, Nelson A},
	journal={Mathematics of Operations Research},
	volume={36},
	number={1},
	pages={14--23},
	year={2011},
	publisher={INFORMS}
}

@article{queyranne2006approximation,
	title={Approximation bounds for a general class of precedence constrained parallel machine scheduling problems},
	author={Queyranne, Maurice and Schulz, Andreas S},
	journal={SIAM Journal on Computing},
	volume={35},
	number={5},
	pages={1241--1253},
	year={2006},
	publisher={SIAM}
}

@inproceedings{chakrabarti1996improved,
	title={Improved scheduling algorithms for minsum criteria},
	author={Chakrabarti, Soumen and Phillips, Cynthia A and Schulz, Andreas S and Shmoys, David B and Stein, Cliff and Wein, Joel},
	booktitle={International Colloquium on Automata, Languages, and Programming},
	pages={646--657},
	year={1996},
	organization={Springer}
}

@article{hoogeveen2001non,
	title={Non-approximability results for scheduling problems with minsum criteria},
	author={Hoogeveen, Han and Schuurman, Petra and Woeginger, Gerhard J},
	journal={INFORMS Journal on Computing},
	volume={13},
	number={2},
	pages={157--168},
	year={2001},
	publisher={INFORMS}
}

@article{graham1979optimization,
	title={Optimization and approximation in deterministic sequencing and scheduling: a survey},
	author={Graham, Ronald L and Lawler, Eugene L and Lenstra, Jan Karel and Kan, AHG Rinnooy},
	journal={Annals of discrete mathematics},
	volume={5},
	pages={287--326},
	year={1979},
	publisher={Elsevier}
}

@article{lenstra1978complexity,
	title={Complexity of scheduling under precedence constraints},
	author={Lenstra, Jan Karel and Rinnooy Kan, AHG},
	journal={Operations Research},
	volume={26},
	number={1},
	pages={22--35},
	year={1978},
	publisher={INFORMS}
}

@article{graham1966bounds,
	title={Bounds for certain multiprocessing anomalies},
	author={Graham, Ronald L},
	journal={Bell System Technical Journal},
	volume={45},
	number={9},
	pages={1563--1581},
	year={1966},
	publisher={Wiley Online Library}
}

@inproceedings{tetris,
	title={Multi-resource packing for cluster schedulers},
	author={Grandl, Robert and Ananthanarayanan, Ganesh and Kandula, Srikanth and Rao, Sriram and Akella, Aditya},
	booktitle={ACM SIGCOMM Computer Communication Review},
	volume={44},
	number={4},
	pages={455--466},
	year={2014},
	organization={ACM}
}

@inproceedings {graphene,
	author = {Robert Grandl and Srikanth Kandula and Sriram Rao and Aditya Akella and Janardhan Kulkarni},
	title = {GRAPHENE: Packing and Dependency-Aware Scheduling for Data-Parallel Clusters},
	booktitle = {12th USENIX Symposium on Operating Systems Design and Implementation (OSDI 16)},
	year = {2016},
	isbn = {978-1-931971-33-1},
	address = {GA},
	pages = {81--97},
	url = {https://www.usenix.org/conference/osdi16/technical-sessions/presentation/grandl_graphene},
	publisher = {USENIX Association},
}

@inproceedings{schulz1996scheduling,
	title={Scheduling to minimize total weighted completion time: Performance guarantees of LP-based heuristics and lower bounds},
	author={Schulz, Andreas S},
	booktitle={International Conference on Integer Programming and Combinatorial Optimization},
	pages={301--315},
	year={1996},
	organization={Springer}
}

@article{hall1997scheduling,
	title={Scheduling to minimize average completion time: Off-line and on-line approximation algorithms},
	author={Hall, Leslie A and Schulz, Andreas S and Shmoys, David B and Wein, Joel},
	journal={Mathematics of operations research},
	volume={22},
	number={3},
	pages={513--544},
	year={1997},
	publisher={INFORMS}
}

@inproceedings{ambuhl2007inapproximability,
	title={Inapproximability results for sparsest cut, optimal linear arrangement, and precedence constrained scheduling},
	author={Ambuhl, Christoph and Mastrolilli, Monaldo and Svensson, Ola},
	booktitle={Foundations of Computer Science, 2007. FOCS'07. 48th Annual IEEE Symposium on},
	pages={329--337},
	year={2007},
	organization={IEEE}
}

@inproceedings{bansal2009optimal,
	title={Optimal long code test with one free bit},
	author={Bansal, Nikhil and Khot, Subhash},
	booktitle={Foundations of Computer Science, 2009. FOCS'09. 50th Annual IEEE Symposium on},
	pages={453--462},
	year={2009},
	organization={IEEE}
}

@article{eastman1964bounds,
	title={Bounds for the optimal scheduling of n jobs on m processors},
	author={Eastman, Willard L and Even, Shimon and Isaacs, IM},
	journal={Management science},
	volume={11},
	number={2},
	pages={268--279},
	year={1964},
	publisher={INFORMS}
}
